<marcxml:record xmlns:marcxml="http://www.loc.gov/MARC21/slim" xmlns:mets="http://www.loc.gov/METS/" xmlns:bf="http://id.loc.gov/ontologies/bibframe/" xmlns:bflc="http://id.loc.gov/ontologies/bflc/" xmlns:madsrdf="http://www.loc.gov/mads/rdf/v1#" xmlns:rdf="http://www.w3.org/1999/02/22-rdf-syntax-ns#" xmlns:ri="http://id.loc.gov/ontologies/RecordInfo#" xmlns:idx="info:lc/xq-modules/lcindex" xmlns:semtriples="http://marklogic.com/semantic" xmlns:xsi="http://www.w3.org/2001/XMLSchema-instance" xmlns:xlink="http://www.w3.org/1999/xlink" xmlns:streams="info:lc/streams#">
  <marcxml:leader>02894cam a2200625 a 4500</marcxml:leader>
  <marcxml:controlfield tag="001">19087873</marcxml:controlfield>
  <marcxml:controlfield tag="005">20190305150135.0</marcxml:controlfield>
  <marcxml:controlfield tag="008">160509m20129999nyua     6    000 1 eng d</marcxml:controlfield>
  <marcxml:datafield tag="906" ind1=" " ind2=" ">
    <marcxml:subfield code="a">7</marcxml:subfield>
    <marcxml:subfield code="b">cbc</marcxml:subfield>
    <marcxml:subfield code="c">copycat</marcxml:subfield>
    <marcxml:subfield code="d">2</marcxml:subfield>
    <marcxml:subfield code="e">ncip</marcxml:subfield>
    <marcxml:subfield code="f">20</marcxml:subfield>
    <marcxml:subfield code="g">y-gencatlg</marcxml:subfield>
  </marcxml:datafield>
  <marcxml:datafield tag="925" ind1="0" ind2=" ">
    <marcxml:subfield code="a">acquire</marcxml:subfield>
    <marcxml:subfield code="b">1 shelf copy</marcxml:subfield>
    <marcxml:subfield code="x">policy default</marcxml:subfield>
  </marcxml:datafield>
  <marcxml:datafield tag="955" ind1=" " ind2=" ">
    <marcxml:subfield code="b">xk14 2016-05-09 z-processor</marcxml:subfield>
    <marcxml:subfield code="i">xk14 2016-05-09 vols. 1-2 to BCCD</marcxml:subfield>
  </marcxml:datafield>
  <marcxml:datafield tag="010" ind1=" " ind2=" ">
    <marcxml:subfield code="a">  2015298410</marcxml:subfield>
  </marcxml:datafield>
  <marcxml:datafield tag="020" ind1=" " ind2=" ">
    <marcxml:subfield code="a">9780316229203</marcxml:subfield>
    <marcxml:subfield code="q">(v. 1 ;</marcxml:subfield>
    <marcxml:subfield code="q">pbk.)</marcxml:subfield>
  </marcxml:datafield>
  <marcxml:datafield tag="020" ind1=" " ind2=" ">
    <marcxml:subfield code="a">0316229202</marcxml:subfield>
    <marcxml:subfield code="q">(v. 1 ;</marcxml:subfield>
    <marcxml:subfield code="q">pbk.)</marcxml:subfield>
  </marcxml:datafield>
  <marcxml:datafield tag="020" ind1=" " ind2=" ">
    <marcxml:subfield code="a">9780316234924</marcxml:subfield>
    <marcxml:subfield code="q">(v. 2 ;</marcxml:subfield>
    <marcxml:subfield code="q">pbk.)</marcxml:subfield>
  </marcxml:datafield>
  <marcxml:datafield tag="020" ind1=" " ind2=" ">
    <marcxml:subfield code="a">0316234923</marcxml:subfield>
    <marcxml:subfield code="q">(v. 2 ;</marcxml:subfield>
    <marcxml:subfield code="q">pbk.)</marcxml:subfield>
  </marcxml:datafield>
  <marcxml:datafield tag="035" ind1=" " ind2=" ">
    <marcxml:subfield code="a">(OCoLC)ocn823177366</marcxml:subfield>
  </marcxml:datafield>
  <marcxml:datafield tag="040" ind1=" " ind2=" ">
    <marcxml:subfield code="a">CPL</marcxml:subfield>
    <marcxml:subfield code="b">eng</marcxml:subfield>
    <marcxml:subfield code="c">CPL</marcxml:subfield>
    <marcxml:subfield code="d">T3N</marcxml:subfield>
    <marcxml:subfield code="d">ORK</marcxml:subfield>
    <marcxml:subfield code="d">OCLCA</marcxml:subfield>
    <marcxml:subfield code="d">YDXCP</marcxml:subfield>
    <marcxml:subfield code="d">OCLCQ</marcxml:subfield>
    <marcxml:subfield code="d">OCLCO</marcxml:subfield>
    <marcxml:subfield code="d">OCLCF</marcxml:subfield>
    <marcxml:subfield code="d">DLC</marcxml:subfield>
  </marcxml:datafield>
  <marcxml:datafield tag="041" ind1="1" ind2=" ">
    <marcxml:subfield code="a">eng</marcxml:subfield>
    <marcxml:subfield code="h">jpn</marcxml:subfield>
  </marcxml:datafield>
  <marcxml:datafield tag="042" ind1=" " ind2=" ">
    <marcxml:subfield code="a">lccopycat</marcxml:subfield>
  </marcxml:datafield>
  <marcxml:datafield tag="050" ind1="0" ind2="0">
    <marcxml:subfield code="a">PN6790.J34</marcxml:subfield>
    <marcxml:subfield code="b">A535313 2012</marcxml:subfield>
  </marcxml:datafield>
  <marcxml:datafield tag="082" ind1="0" ind2="4">
    <marcxml:subfield code="a">741.5952</marcxml:subfield>
    <marcxml:subfield code="2">23</marcxml:subfield>
  </marcxml:datafield>
  <marcxml:datafield tag="245" ind1="1" ind2="0">
    <marcxml:subfield code="a">Alice in the Country of Hearts :</marcxml:subfield>
    <marcxml:subfield code="b">my fanatic rabbit /</marcxml:subfield>
    <marcxml:subfield code="c">story by QuinRose ; art by Delico Psyche ; scenario by Owl Shinotsuki ; [translation, Ajino Hirami ; lettering, Keiran O'Leary].</marcxml:subfield>
  </marcxml:datafield>
  <marcxml:datafield tag="246" ind1="3" ind2="0">
    <marcxml:subfield code="a">My fanatic rabbit</marcxml:subfield>
  </marcxml:datafield>
  <marcxml:datafield tag="250" ind1=" " ind2=" ">
    <marcxml:subfield code="a">First Yen Press edition.</marcxml:subfield>
  </marcxml:datafield>
  <marcxml:datafield tag="260" ind1=" " ind2=" ">
    <marcxml:subfield code="a">New York, NY :</marcxml:subfield>
    <marcxml:subfield code="b">Yen Press,</marcxml:subfield>
    <marcxml:subfield code="c">2012-</marcxml:subfield>
  </marcxml:datafield>
  <marcxml:datafield tag="300" ind1=" " ind2=" ">
    <marcxml:subfield code="a">2 volumes :</marcxml:subfield>
    <marcxml:subfield code="b">illustrations ;</marcxml:subfield>
    <marcxml:subfield code="c">19 cm</marcxml:subfield>
  </marcxml:datafield>
  <marcxml:datafield tag="336" ind1=" " ind2=" ">
    <marcxml:subfield code="a">text</marcxml:subfield>
    <marcxml:subfield code="b">txt</marcxml:subfield>
    <marcxml:subfield code="2">rdacontent</marcxml:subfield>
  </marcxml:datafield>
  <marcxml:datafield tag="337" ind1=" " ind2=" ">
    <marcxml:subfield code="a">unmediated</marcxml:subfield>
    <marcxml:subfield code="b">n</marcxml:subfield>
    <marcxml:subfield code="2">rdamedia</marcxml:subfield>
  </marcxml:datafield>
  <marcxml:datafield tag="338" ind1=" " ind2=" ">
    <marcxml:subfield code="a">volume</marcxml:subfield>
    <marcxml:subfield code="b">nc</marcxml:subfield>
    <marcxml:subfield code="2">rdacarrier</marcxml:subfield>
  </marcxml:datafield>
  <marcxml:datafield tag="546" ind1=" " ind2=" ">
    <marcxml:subfield code="a">Translated from the Japanese.</marcxml:subfield>
  </marcxml:datafield>
  <marcxml:datafield tag="500" ind1=" " ind2=" ">
    <marcxml:subfield code="a">Originally published in Japan in 2010 by Mag Garden Corp.</marcxml:subfield>
  </marcxml:datafield>
  <marcxml:datafield tag="500" ind1=" " ind2=" ">
    <marcxml:subfield code="a">Based on Lewis Carroll's Alice's adventures in Wonderland.</marcxml:subfield>
  </marcxml:datafield>
  <marcxml:datafield tag="500" ind1=" " ind2=" ">
    <marcxml:subfield code="a">Manga format; reads from back to front, right to left.</marcxml:subfield>
  </marcxml:datafield>
  <marcxml:datafield tag="520" ind1=" " ind2=" ">
    <marcxml:subfield code="a">After being kidnapped and brought to the strange world of Wonderland where a war is waging between the Queen of Hearts and the Hatter gang syndicate, Alice must find her way home while escaping their wrath.</marcxml:subfield>
  </marcxml:datafield>
  <marcxml:datafield tag="600" ind1="0" ind2="0">
    <marcxml:subfield code="a">Alice</marcxml:subfield>
    <marcxml:subfield code="c">(Fictitious character from Carroll)</marcxml:subfield>
    <marcxml:subfield code="v">Comic books, strips, etc.</marcxml:subfield>
  </marcxml:datafield>
  <marcxml:datafield tag="650" ind1=" " ind2="0">
    <marcxml:subfield code="a">Imaginary places</marcxml:subfield>
    <marcxml:subfield code="v">Comic books, strips, etc.</marcxml:subfield>
  </marcxml:datafield>
  <marcxml:datafield tag="650" ind1=" " ind2="0">
    <marcxml:subfield code="a">Gangs</marcxml:subfield>
    <marcxml:subfield code="v">Comic books, strips, etc.</marcxml:subfield>
  </marcxml:datafield>
  <marcxml:datafield tag="650" ind1=" " ind2="0">
    <marcxml:subfield code="a">Assassins</marcxml:subfield>
    <marcxml:subfield code="v">Comic books, strips, etc.</marcxml:subfield>
  </marcxml:datafield>
  <marcxml:datafield tag="655" ind1=" " ind2="0">
    <marcxml:subfield code="a">Fantasy comic books, strips, etc.</marcxml:subfield>
  </marcxml:datafield>
  <marcxml:datafield tag="600" ind1="0" ind2="7">
    <marcxml:subfield code="a">Alice</marcxml:subfield>
    <marcxml:subfield code="c">(Fictitious character from Carroll)</marcxml:subfield>
    <marcxml:subfield code="2">fast</marcxml:subfield>
    <marcxml:subfield code="0">(OCoLC)fst00805040</marcxml:subfield>
  </marcxml:datafield>
  <marcxml:datafield tag="650" ind1=" " ind2="7">
    <marcxml:subfield code="a">Assassins.</marcxml:subfield>
    <marcxml:subfield code="2">fast</marcxml:subfield>
    <marcxml:subfield code="0">(OCoLC)fst00818974</marcxml:subfield>
  </marcxml:datafield>
  <marcxml:datafield tag="650" ind1=" " ind2="7">
    <marcxml:subfield code="a">Gangs.</marcxml:subfield>
    <marcxml:subfield code="2">fast</marcxml:subfield>
    <marcxml:subfield code="0">(OCoLC)fst00937695</marcxml:subfield>
  </marcxml:datafield>
  <marcxml:datafield tag="650" ind1=" " ind2="7">
    <marcxml:subfield code="a">Imaginary places.</marcxml:subfield>
    <marcxml:subfield code="2">fast</marcxml:subfield>
    <marcxml:subfield code="0">(OCoLC)fst00967571</marcxml:subfield>
  </marcxml:datafield>
  <marcxml:datafield tag="655" ind1=" " ind2="7">
    <marcxml:subfield code="a">Comic books, strips, etc.</marcxml:subfield>
    <marcxml:subfield code="2">fast</marcxml:subfield>
    <marcxml:subfield code="0">(OCoLC)fst01423722</marcxml:subfield>
  </marcxml:datafield>
  <marcxml:datafield tag="655" ind1=" " ind2="7">
    <marcxml:subfield code="a">Fantasy comic books, strips, etc.</marcxml:subfield>
    <marcxml:subfield code="2">fast</marcxml:subfield>
    <marcxml:subfield code="0">(OCoLC)fst01726606</marcxml:subfield>
  </marcxml:datafield>
  <marcxml:datafield tag="655" ind1=" " ind2="7">
    <marcxml:subfield code="a">Fiction.</marcxml:subfield>
    <marcxml:subfield code="2">fast</marcxml:subfield>
    <marcxml:subfield code="0">(OCoLC)fst01423787</marcxml:subfield>
  </marcxml:datafield>
  <marcxml:datafield tag="655" ind1=" " ind2="7">
    <marcxml:subfield code="a">Graphic novels.</marcxml:subfield>
    <marcxml:subfield code="2">fast</marcxml:subfield>
    <marcxml:subfield code="0">(OCoLC)fst01726630</marcxml:subfield>
  </marcxml:datafield>
  <marcxml:datafield tag="655" ind1=" " ind2="7">
    <marcxml:subfield code="a">Graphic novels.</marcxml:subfield>
    <marcxml:subfield code="2">lcgft</marcxml:subfield>
  </marcxml:datafield>
  <marcxml:datafield tag="700" ind1="1" ind2=" ">
    <marcxml:subfield code="a">Psyche, Delico.</marcxml:subfield>
  </marcxml:datafield>
  <marcxml:datafield tag="700" ind1="1" ind2=" ">
    <marcxml:subfield code="a">Shinotsuki, Owl.</marcxml:subfield>
  </marcxml:datafield>
  <marcxml:datafield tag="700" ind1="1" ind2=" ">
    <marcxml:subfield code="a">Hirami, Ajino.</marcxml:subfield>
  </marcxml:datafield>
  <marcxml:datafield tag="700" ind1="1" ind2=" ">
    <marcxml:subfield code="a">Carroll, Lewis,</marcxml:subfield>
    <marcxml:subfield code="d">1832-1898.</marcxml:subfield>
    <marcxml:subfield code="t">Alice's adventures in Wonderland.</marcxml:subfield>
  </marcxml:datafield>
  <marcxml:datafield tag="710" ind1="2" ind2=" ">
    <marcxml:subfield code="a">QuinRose (Firm)</marcxml:subfield>
  </marcxml:datafield>
  <marcxml:datafield tag="856" ind1="4" ind2="2">
    <marcxml:subfield code="3">Publisher description</marcxml:subfield>
    <marcxml:subfield code="u">https://www.loc.gov/catdir/enhancements/fy1614/2015298410-d.html</marcxml:subfield>
  </marcxml:datafield>
</marcxml:record>
